@inproceedings{main_paper,
  title={Are Generative Classiﬁers More Robust to Adversarial Attacks?},
  author={Li, Yingzhen and Bradshaw, John and Sharma, Yash},
  url={http://proceedings.mlr.press/v97/li19a/li19a.pdf},
  year={2019}
}

@inproceedings{stochastic_backpropagation,
  title={Stochastic Backpropagation and Approximate Inference
in Deep Generative Models},
  author={J. Rezende, Danilo and Mohammed, Shakir and Wierstra, Daan},
  url={http://proceedings.mlr.press/v32/rezende14.pdf},
  year={2014}
}

@inproceedings{robustness,
  title={Towards Evaluating the Robustness
of Neural Networks},
  author={Carlini, Nicolas and Wagner, David},
  url={https://arxiv.org/pdf/1608.04644.pdf?source=post_page},
  year={2017}
}

@inproceedings{fast_gradient_sign,
  title={Explaining And Harnessing Adversarial Examples},
  author={J. Goodfellow, Ian and Shlens, Jonathon and Szegedy, Christian},
  url={https://arxiv.org/pdf/1412.6572.pdf)},
  year={2015}
}

@inproceedings{deepfool,
  title={DeepFool: a simple and accurate method to fool deep neural networks},
  author={Moosavi-Dezfooli, Seyed-Mohsen and Fawzi, Alhussein and Frossard, Pascal},
  url={https://openaccess.thecvf.com/content_cvpr_2016/papers/Moosavi-Dezfooli_DeepFool_A_Simple_CVPR_2016_paper.pdf},
  year={2016}
}

@inproceedings{auto_encoding_variational_bayes,
  title={Auto-Encoding Variational Bayes},
  author={Kingma, Diederik P. and Welling, Max},
  url={https://arxiv.org/pdf/1312.6114.pdf?source=post_page},
  year={2022}
}

@inproceedings{Chen_2017, series={CCS ’17},
   title={ZOO: Zeroth Order Optimization Based Black-box Attacks to Deep Neural Networks without Training Substitute Models},
   url={http://dx.doi.org/10.1145/3128572.3140448},
   DOI={10.1145/3128572.3140448},
   booktitle={Proceedings of the 10th ACM Workshop on Artificial Intelligence and Security},
   publisher={ACM},
   author={Chen, Pin-Yu and Zhang, Huan and Sharma, Yash and Yi, Jinfeng and Hsieh, Cho-Jui},
   year={2017},
   month=nov, collection={CCS ’17} }

   
